{
  "leader": "03664cam a22005771i 4500",
  "fields": [
    {
      "001": "ocm00409293\\"
    },
    {
      "003": "OCoLC"
    },
    {
      "005": "20220630142512.0"
    },
    {
      "008": "720919s1948\\\\\\\\nyu\\\\\\\\\\rb\\\\\\\\001\\0\\eng\\\\"
    },
    {
      "010": {
        "ind1": "\\",
        "ind2": "\\",
        "subfields": [
          {
            "a": "   48008820 "
          }
        ]
      }
    },
    {
      "040": {
        "ind1": "\\",
        "ind2": "\\",
        "subfields": [
          {
            "a": "DLC"
          },
          {
            "b": "eng"
          },
          {
            "c": "DLC"
          },
          {
            "d": "MRC"
          },
          {
            "d": "LVB"
          },
          {
            "d": "BUF"
          },
          {
            "d": "OCLCF"
          },
          {
            "d": "OCLCO"
          },
          {
            "d": "OCLCQ"
          },
          {
            "d": "UZ0"
          },
          {
            "d": "PEX"
          },
          {
            "d": "FJM"
          },
          {
            "d": "CASSC"
          },
          {
            "d": "COO"
          },
          {
            "d": "OCLCA"
          },
          {
            "d": "OCLCQ"
          },
          {
            "d": "OCLCA"
          },
          {
            "d": "OCLCQ"
          },
          {
            "d": "OCLCO"
          },
          {
            "d": "VT2"
          },
          {
            "d": "OKY"
          },
          {
            "d": "OCLCE"
          },
          {
            "d": "YOR"
          },
          {
            "d": "TEF"
          },
          {
            "d": "WVU"
          },
          {
            "d": "OCLCO"
          }
        ]
      }
    },
    {
      "019": {
        "ind1": "\\",
        "ind2": "\\",
        "subfields": [
          {
            "a": "314473358"
          },
          {
            "a": "422702545"
          },
          {
            "a": "570842416"
          },
          {
            "a": "636049352"
          },
          {
            "a": "636049367"
          },
          {
            "a": "988655272"
          },
          {
            "a": "1044020315"
          },
          {
            "a": "1056266072"
          },
          {
            "a": "1060749222"
          },
          {
            "a": "1075552873"
          },
          {
            "a": "1097415637"
          },
          {
            "a": "1100907195"
          },
          {
            "a": "1192356091"
          },
          {
            "a": "1195511496"
          },
          {
            "a": "1196209521"
          },
          {
            "a": "1197830896"
          }
        ]
      }
    },
    {
      "035": {
        "ind1": "\\",
        "ind2": "\\",
        "subfields": [
          {
            "a": "(OCoLC)409293"
          },
          {
            "z": "(OCoLC)314473358"
          },
          {
            "z": "(OCoLC)422702545"
          },
          {
            "z": "(OCoLC)570842416"
          },
          {
            "z": "(OCoLC)636049352"
          },
          {
            "z": "(OCoLC)636049367"
          },
          {
            "z": "(OCoLC)988655272"
          },
          {
            "z": "(OCoLC)1044020315"
          },
          {
            "z": "(OCoLC)1056266072"
          },
          {
            "z": "(OCoLC)1060749222"
          },
          {
            "z": "(OCoLC)1075552873"
          },
          {
            "z": "(OCoLC)1097415637"
          },
          {
            "z": "(OCoLC)1100907195"
          },
          {
            "z": "(OCoLC)1192356091"
          },
          {
            "z": "(OCoLC)1195511496"
          },
          {
            "z": "(OCoLC)1196209521"
          },
          {
            "z": "(OCoLC)1197830896"
          }
        ]
      }
    },
    {
      "042": {
        "ind1": "\\",
        "ind2": "\\",
        "subfields": [
          {
            "a": "dlr"
          }
        ]
      }
    },
    {
      "043": {
        "ind1": "\\",
        "ind2": "\\",
        "subfields": [
          {
            "a": "n-us-ma"
          }
        ]
      }
    },
    {
      "050": {
        "ind1": "0",
        "ind2": "0",
        "subfields": [
          {
            "a": "KF224.S2"
          },
          {
            "b": "J66"
          }
        ]
      }
    },
    {
      "051": {
        "ind1": "\\",
        "ind2": "\\",
        "subfields": [
          {
            "a": "KF224.S2"
          },
          {
            "b": "J66 Copy 5"
          }
        ]
      }
    },
    {
      "082": {
        "ind1": "0",
        "ind2": "4",
        "subfields": [
          {
            "a": "343.1"
          },
          {
            "b": "JOU"
          }
        ]
      }
    },
    {
      "100": {
        "ind1": "1",
        "ind2": "\\",
        "subfields": [
          {
            "a": "Joughin, Louis."
          }
        ]
      }
    },
    {
      "245": {
        "ind1": "1",
        "ind2": "4",
        "subfields": [
          {
            "a": "The legacy of Sacco and Vanzetti /"
          },
          {
            "c": "by G. Louis Joughin and Edmund M. Morgan ; with an introduction by Arthur M. Schlesinger."
          }
        ]
      }
    },
    {
      "260": {
        "ind1": "\\",
        "ind2": "\\",
        "subfields": [
          {
            "a": "New York :"
          },
          {
            "b": "Harcourt, Brace and Company,"
          },
          {
            "c": "1948."
          }
        ]
      }
    },
    {
      "300": {
        "ind1": "\\",
        "ind2": "\\",
        "subfields": [
          {
            "a": "xvii, 598 pages ;"
          },
          {
            "c": "24 cm"
          }
        ]
      }
    },
    {
      "336": {
        "ind1": "\\",
        "ind2": "\\",
        "subfields": [
          {
            "a": "text"
          },
          {
            "b": "txt"
          },
          {
            "2": "rdacontent"
          }
        ]
      }
    },
    {
      "337": {
        "ind1": "\\",
        "ind2": "\\",
        "subfields": [
          {
            "a": "unmediated"
          },
          {
            "b": "n"
          },
          {
            "2": "rdamedia"
          }
        ]
      }
    },
    {
      "338": {
        "ind1": "\\",
        "ind2": "\\",
        "subfields": [
          {
            "a": "volume"
          },
          {
            "b": "nc"
          },
          {
            "2": "rdacarrier"
          }
        ]
      }
    },
    {
      "504": {
        "ind1": "\\",
        "ind2": "\\",
        "subfields": [
          {
            "a": "Includes bibliographical references (pages 557-580) and index."
          }
        ]
      }
    },
    {
      "506": {
        "ind1": "\\",
        "ind2": "\\",
        "subfields": [
          {
            "a": "Access restricted to subscribing institutions."
          }
        ]
      }
    },
    {
      "506": {
        "ind1": "\\",
        "ind2": "\\",
        "subfields": [
          {
            "3": "Use copy"
          },
          {
            "f": "Restrictions unspecified"
          },
          {
            "2": "star"
          },
          {
            "5": "MiAaHDL"
          }
        ]
      }
    },
    {
      "533": {
        "ind1": "\\",
        "ind2": "\\",
        "subfields": [
          {
            "a": "Electronic reproduction."
          },
          {
            "b": "[Place of publication not identified] :"
          },
          {
            "c": "HathiTrust Digital Library,"
          },
          {
            "d": "2010."
          },
          {
            "5": "MiAaHDL"
          }
        ]
      }
    },
    {
      "538": {
        "ind1": "\\",
        "ind2": "\\",
        "subfields": [
          {
            "a": "Master and use copy. Digital master created according to Benchmark for Faithful Digital Reproductions of Monographs and Serials, Version 1. Digital Library Federation, December 2002."
          },
          {
            "u": "http://purl.oclc.org/DLF/benchrepro0212"
          },
          {
            "5": "MiAaHDL"
          }
        ]
      }
    },
    {
      "583": {
        "ind1": "1",
        "ind2": "\\",
        "subfields": [
          {
            "a": "digitized"
          },
          {
            "c": "2010"
          },
          {
            "h": "HathiTrust Digital Library"
          },
          {
            "l": "committed to preserve"
          },
          {
            "2": "pda"
          },
          {
            "5": "MiAaHDL"
          }
        ]
      }
    },
    {
      "600": {
        "ind1": "1",
        "ind2": "0",
        "subfields": [
          {
            "a": "Sacco, Nicola,"
          },
          {
            "d": "1891-1927."
          }
        ]
      }
    },
    {
      "600": {
        "ind1": "1",
        "ind2": "0",
        "subfields": [
          {
            "a": "Vanzetti, Bartolomeo,"
          },
          {
            "d": "1888-1927."
          }
        ]
      }
    },
    {
      "650": {
        "ind1": "\\",
        "ind2": "0",
        "subfields": [
          {
            "a": "Sacco-Vanzetti Trial, Dedham, Mass., 1921."
          }
        ]
      }
    },
    {
      "600": {
        "ind1": "1",
        "ind2": "7",
        "subfields": [
          {
            "a": "Sacco, Nicola,"
          },
          {
            "d": "1891-1927"
          },
          {
            "2": "fast"
          },
          {
            "0": "(OCoLC)fst00004720"
          }
        ]
      }
    },
    {
      "600": {
        "ind1": "1",
        "ind2": "7",
        "subfields": [
          {
            "a": "Vanzetti, Bartolomeo,"
          },
          {
            "d": "1888-1927"
          },
          {
            "2": "fast"
          },
          {
            "0": "(OCoLC)fst00015496"
          }
        ]
      }
    },
    {
      "655": {
        "ind1": "\\",
        "ind2": "7",
        "subfields": [
          {
            "a": "Trials, litigation, etc."
          },
          {
            "2": "fast"
          },
          {
            "0": "(OCoLC)fst01423712"
          }
        ]
      }
    },
    {
      "700": {
        "ind1": "1",
        "ind2": "\\",
        "subfields": [
          {
            "a": "Morgan, Edmund M.,"
          },
          {
            "c": "Jr."
          },
          {
            "q": "(Edmund Morris),"
          },
          {
            "d": "1878-1966."
          }
        ]
      }
    },
    {
      "700": {
        "ind1": "1",
        "ind2": "\\",
        "subfields": [
          {
            "a": "Quintiliano, Luigi,"
          },
          {
            "d": "1893-1970,"
          },
          {
            "e": "signer."
          },
          {
            "5": "DLC"
          }
        ]
      }
    },
    {
      "710": {
        "ind1": "2",
        "ind2": "\\",
        "subfields": [
          {
            "a": "Paul Avrich Collection (Library of Congress)"
          },
          {
            "5": "DLC"
          }
        ]
      }
    },
    {
      "776": {
        "ind1": "0",
        "ind2": "8",
        "subfields": [
          {
            "i": "Online version:"
          },
          {
            "a": "Joughin, Louis."
          },
          {
            "t": "Legacy of Sacco and Vanzetti."
          },
          {
            "d": "New York, Harcourt, Brace, 1948"
          },
          {
            "w": "(OCoLC)570842416"
          }
        ]
      }
    },
    {
      "830": {
        "ind1": "\\",
        "ind2": "0",
        "subfields": [
          {
            "a": "World trials library."
          }
        ]
      }
    },
    {
      "856": {
        "ind1": "4",
        "ind2": "1",
        "subfields": [
          {
            "3": "Google"
          },
          {
            "u": "http://books.google.com/books?id=KIfaAAAAMAAJ"
          }
        ]
      }
    },
    {
      "856": {
        "ind1": "4",
        "ind2": "1",
        "subfields": [
          {
            "3": "HathiTrust Digital Library, Limited view (search only)"
          },
          {
            "u": "http://catalog.hathitrust.org/api/volumes/oclc/409293.html"
          }
        ]
      }
    },
    {
      "856": {
        "ind1": "4",
        "ind2": "1",
        "subfields": [
          {
            "u": "http://heinonline.org/HOL/Index?collection=trials&index=trials/abyx"
          }
        ]
      }
    },
    {
      "856": {
        "ind1": "4",
        "ind2": "1",
        "subfields": [
          {
            "u": "https://heinonline.org/HOL/Index?collection=trials&index=trials/abyx"
          }
        ]
      }
    },
    {
      "856": {
        "ind1": "4",
        "ind2": "1",
        "subfields": [
          {
            "u": "http://ezproxy.library.yorku.ca/login?url=https://www.heinonline.org/HOL/Page?handle=hein.trials/abyx0001&id=1&size=2&collection=trials&index=alpha/L_trials"
          }
        ]
      }
    },
    {
      "856": {
        "ind1": "4",
        "ind2": "1",
        "subfields": [
          {
            "u": "http://0-www.heinonline.org.catalog.fcsl.edu/HOL/Page?handle=hein.trials/abyx0001&id=1&size=2&collection=trials&index=alpha/L_trials"
          },
          {
            "z": "Hein Online-Use restricted to FCSL."
          }
        ]
      }
    },
    {
      "994": {
        "ind1": "\\",
        "ind2": "\\",
        "subfields": [
          {
            "a": "Z0"
          },
          {
            "b": "NYRVC"
          }
        ]
      }
    },
    {
      "948": {
        "ind1": "\\",
        "ind2": "\\",
        "subfields": [
          {
            "h": "NO HOLDINGS IN NYRVC - 516 OTHER HOLDINGS"
          }
        ]
      }
    },
    {
      "999": {
        "ind1": "\\",
        "ind2": "\\",
        "subfields": [
          {
            "a": "00000000016187"
          }
        ]
      }
    }
  ]
}